@article{gathercole1989evaluation,
  title={Evaluation of the role of phonological STM in the development of vocabulary in children: A longitudinal study},
  author={Gathercole, Susan E and Baddeley, Alan D},
  journal={Journal of memory and language},
  volume={28},
  number={2},
  pages={200--213},
  year={1989},
  publisher={Elsevier}
}

@article{huttenlocher2010sources,
  title={Sources of variability in children?s language growth},
  author={Huttenlocher, Janellen and Waterfall, Heidi and Vasilyeva, Marina and Vevea, Jack and Hedges, Larry V},
  journal={Cognitive psychology},
  volume={61},
  number={4},
  pages={343--365},
  year={2010},
  publisher={Elsevier}
}

@book{heath1983ways,
  title={Ways with words: Language, life and work in communities and classrooms},
  author={Heath, Shirley Brice},
  year={1983},
  publisher={cambridge university Press}
}

@article{fernald2006picking,
  title={Picking up speed in understanding: Speech processing efficiency and vocabulary growth across the 2nd year.},
  author={Fernald, Anne and Perfors, Amy and Marchman, Virginia A},
  journal={Developmental psychology},
  volume={42},
  number={1},
  pages={98},
  year={2006},
  publisher={American Psychological Association}
}

@article{hurtado2007spoken,
  title={Spoken word recognition by Latino children learning Spanish as their first language},
  author={Hurtado, Nereyda and Marchman, Virginia A and Fernald, Anne},
  journal={Journal of Child Language},
  volume={34},
  number={2},
  pages={227--249},
  year={2007},
  publisher={Cambridge University Press}
}

@article{fernald2013ses,
  title={SES differences in language processing skill and vocabulary are evident at 18 months},
  author={Fernald, Anne and Marchman, Virginia A and Weisleder, Adriana},
  journal={Developmental science},
  volume={16},
  number={2},
  pages={234--248},
  year={2013},
  publisher={Wiley Online Library}
}

@article{hurtado2008does,
  title={Does input influence uptake? Links between maternal talk, processing speed and vocabulary size in Spanish-learning children},
  author={Hurtado, Nereyda and Marchman, Virginia A and Fernald, Anne},
  journal={Developmental science},
  volume={11},
  number={6},
  year={2008},
  publisher={Wiley Online Library}
}

@article{feldman2000measurement,
  title={Measurement properties of the MacArthur Communicative Development Inventories at ages one and two years},
  author={Feldman, Heidi M and Dollaghan, Christine A and Campbell, Thomas F and Kurs-Lasky, Marcia and Janosky, Janine E and Paradise, Jack L},
  journal={Child development},
  volume={71},
  number={2},
  pages={310--322},
  year={2000},
  publisher={Wiley Online Library}
}

@article{fenson1994variability,
  title={Variability in early communicative development},
  author={Fenson, Larry and Dale, Philip S and Reznick, J Steven and Bates, Elizabeth and Thal, Donna J and Pethick, Stephen J and Tomasello, Michael and Mervis, Carolyn B and Stiles, Joan},
  journal={Monographs of the society for research in child development},
  pages={i--185},
  year={1994},
  publisher={JSTOR}
}

@article{hoff2003specificity,
  title={The specificity of environmental influence: Socioeconomic status affects early vocabulary development via maternal speech},
  author={Hoff, Erika},
  journal={Child development},
  volume={74},
  number={5},
  pages={1368--1378},
  year={2003},
  publisher={Wiley Online Library}
}

@article{arriaga1998scores,
  title={Scores on the MacArthur Communicative Development Inventory of children from lowand middle-income families},
  author={Arriaga, Rose I and Fenson, Larry and Cronan, Terry and Pethick, Stephen J},
  journal={Applied Psycholinguistics},
  volume={19},
  number={2},
  pages={209--223},
  year={1998},
  publisher={Cambridge University Press}
}

@Manual{R-base,
  title = {R: A Language and Environment for Statistical Computing},
  author = {{R Core Team}},
  organization = {R Foundation for Statistical Computing},
  address = {Vienna, Austria},
  year = {2017},
  url = {https://www.R-project.org/},
}

@article{rowe2012longitudinal,
  title={A longitudinal investigation of the role of quantity and quality of child-directed speech in vocabulary development},
  author={Rowe, Meredith L},
  journal={Child development},
  volume={83},
  number={5},
  pages={1762--1774},
  year={2012},
  publisher={Wiley Online Library}
}

@book{hart1995meaningful,
  title={Meaningful differences in the everyday experience of young {A}merican children.},
  author={Hart, Betty and Risley, Todd R},
  year={1995},
	address={Baltimore, MD},
  publisher={Paul H Brookes Publishing}
}


@article{rowe2008child,
  title={Child-directed speech: {R}elation to socioeconomic status, knowledge of Child Development and child vocabulary skill},
  author={Rowe, Meredith L},
  journal={Journal of Child Language},
  volume={35},
 	doi = {10.1017/S0305000907008343},
 number={01},
  pages={185-205},
  year={2008},
  publisher={Cambridge Univ Press}
}

@article{friend2008reliability,
  title={Reliability and validity of the Computerized Comprehension Task (CCT): data from American English and Mexican Spanish infants},
  author={Friend, Margaret and Keplinger, Melanie},
  journal={Journal of child language},
  volume={35},
  number={01},
  pages={77--98},
  year={2008},
  publisher={Cambridge Univ Press}
}

@article{hendrickson2015looking,
  title={Looking and touching: What extant approaches reveal about the structure of early word knowledge},
  author={Hendrickson, Kristi and Mitsven, Samantha and Poulin-Dubois, Diane and Zesiger, Pascal and Friend, Margaret},
  journal={Developmental Science},
  volume={18},
  number={5},
  pages={723--735},
  year={2015},
  publisher={Wiley Online Library}
}

@article{friend2003infant,
  title={An infant-based assessment of early lexicon acquisition},
  author={Friend, Margaret and Keplinger, Melanie},
  journal={Behavior Research Methods},
  volume={35},
  number={2},
  pages={302--309},
  year={2003},
  publisher={Springer}
}

@article{friend2012evaluating,
  title={Evaluating the predictive validity of the Computerized Comprehension Task: Comprehension predicts production.},
  author={Friend, Margaret and Schmitt, Sara A and Simpson, Adrianne M},
  journal={Developmental Psychology},
  volume={48},
  number={1},
  pages={136},
  year={2012},
  publisher={American Psychological Association}
}

@article{poulin2013lexical,
  title={Lexical access and vocabulary development in very young bilinguals},
  author={Poulin-Dubois, Diane and Bialystok, Ellen and Blaye, Agnes and Polonia, Alexandra and Yott, Jessica},
  journal={International Journal of Bilingualism},
  volume={17},
  number={1},
  pages={57--70},
  year={2013},
  publisher={Sage Publications Sage UK: London, England}
}

@article{legacy2016vocabulary,
  title={Vocabulary size and speed of word recognition in very young French--English bilinguals: A longitudinal study},
  author={Legacy, Jacqueline and ZESIGER, PASCAL and Friend, Margaret and Poulin-Dubois, Diane},
  journal={Bilingualism: Language and Cognition},
  pages={1--13},
  year={2016},
  publisher={Cambridge University Press}
}

@article{deanda2016minimal,
  title={Minimal second language exposure, SES, and early word comprehension: New evidence from a direct assessment},
  author={Deanda, Stephanie and Arias-Trejo, Natalia and Poulin-Dubois, Diane and Zesiger, Pascal and Friend, Margaret},
  journal={Bilingualism: Language and Cognition},
  volume={19},
  number={1},
  pages={162--180},
  year={2016},
  publisher={Cambridge University Press}
}

@book{alesina2004fighting,
  title={{Fighting poverty in the US and Europe: A world of difference}},
  author={Alesina, Alberto and Glaeser, Edward Ludwig},
  year={2004},
	address={New York},
  publisher={Oxford University Press}
}

@book{bennett2006starting,
  title={Starting strong II: Early childhood education and care},
  author={Bennett, John and Tayler, Collette P},
  year={2006},
  publisher={OECD}
}

@article{morgenstern2007codage,
  title={Codage et interpr{\'e}tation du langage spontan{\'e} d?enfants de 1 {\`a} 3 ans},
  author={Morgenstern, Aliyah and Parisse, Christophe},
  journal={Corpus},
  number={6},
  pages={55--78},
  year={2007},
  publisher={Bases, corpus et langage-UMR 6039}
}

@article{demuth2008prosodically,
  title={Prosodically-conditioned variability in children's production of French determiners},
  author={Demuth, Katherine and Tremblay, Annie},
  journal={Journal of child language},
  volume={35},
  number={1},
  pages={99--127},
  year={2008},
  publisher={Cambridge University Press}
}

@article{bovet2005inventaires,
  title={Les inventaires fran{\c{c}}ais du d{\'e}veloppement communicatif (IFDC): un nouvel outil pour {\'e}valuer le d{\'e}veloppement communicatif du nourrisson},
  author={Bovet, F and Danjou, G and Langue, J and Moretto, M and Tockert, E and Kern, S},
  journal={M{\'e}decine et enfance},
  volume={25},
  number={6},
  pages={327--332},
  year={2005}
}

@article{pace2017identifying,
  title={Identifying pathways between socioeconomic status and language development},
  author={Pace, Amy and Luo, Rufan and Hirsh-Pasek, Kathy and Golinkoff, Roberta Michnick},
  journal={Annual Review of Linguistics},
  volume={3},
  pages={285--308},
  year={2017},
  publisher={Annual Reviews}
}

@article{bradley2002socioeconomic,
  title={Socioeconomic status and child development},
  author={Bradley, Robert H and Corwyn, Robert F},
  journal={Annual review of psychology},
  volume={53},
  number={1},
  pages={371--399},
  year={2002},
  publisher={Annual Reviews 4139 El Camino Way, PO Box 10139, Palo Alto, CA 94303-0139, USA}
}

@article{farah2006childhood,
  title={Childhood poverty: Specific associations with neurocognitive development},
  author={Farah, Martha J and Shera, David M and Savage, Jessica H and Betancourt, Laura and Giannetta, Joan M and Brodsky, Nancy L and Malmud, Elsa K and Hurt, Hallam},
  journal={Brain research},
  volume={1110},
  number={1},
  pages={166--174},
  year={2006},
  publisher={Elsevier}
}

@article{argentina2013relevamiento,
  title={Relevamiento de asentamientos informales 2013},
  author={Argentina, TECHO},
  journal={Buenos Aires. Recuperado de: http://www. techo. org/paises/argentina},
  year={2013}
}

@article{jackson1993early,
  title={Early lexical development in Spanish-speaking infants and toddlers},
  author={Jackson-Maldonado, Donna and Thal, Donna and Marchman, Virginia and Bates, Elizabeth and Gutierrez-Clellen, Vera},
  journal={Journal of child language},
  volume={20},
  number={3},
  pages={523--549},
  year={1993},
  publisher={Cambridge University Press}
}

@article{frank2016using,
  title={Using tablets to collect data from young children},
  author={Frank, Michael C and Sugarman, Elise and Horowitz, Alexandra C and Lewis, Molly L and Yurovsky, Daniel},
  journal={Journal of Cognition and Development},
  volume={17},
  number={1},
  pages={1--17},
  year={2016},
  publisher={Taylor \& Francis}
}

@article{white1982relation,
  title={The relation between socioeconomic status and academic achievement.},
  author={White, Karl R},
  journal={Psychological bulletin},
  volume={91},
  number={3},
  pages={461},
  year={1982},
  publisher={American Psychological Association}
}

@article{frank2017wordbank,
  title={Wordbank: An open repository for developmental vocabulary data},
  author={Frank, Michael C and Braginsky, Mika and Yurovsky, Daniel and Marchman, Virginia A},
  journal={Journal of child language},
  volume={44},
  number={3},
  pages={677--694},
  year={2017},
  publisher={Cambridge University Press}
}

@book{dunn1997ppvt,
  title={PPVT-III: Peabody picture vocabulary test},
  author={Dunn, Lloyd M and Dunn, Leota M},
  year={1997},
  publisher={American Guidance Service}
}

@article{henrich2010most,
  title={Most people are not WEIRD},
  author={Henrich, Joseph and Heine, Steven J and Norenzayan, Ara},
  journal={Nature},
  volume={466},
  number={7302},
  pages={29--29},
  year={2010},
  publisher={Nature Research}
}

